<?xml version="1.0" encoding="UTF-8"?><collection xmlns="http://www.loc.gov/MARC21/slim"><record><leader>00483nam--2200181-i-4500</leader><controlfield tag="001">000020351</controlfield><controlfield tag="002">20161230</controlfield><controlfield tag="005">20161230201033</controlfield><controlfield tag="008">060222s1000------------r-----000-0-eng-d</controlfield><datafield ind1=" " ind2=" " tag="040"><subfield code="a">IFIN-HH</subfield></datafield><datafield ind1=" " ind2=" " tag="080"><subfield code="a">53(03)=40=590</subfield></datafield><datafield ind1="1" ind2=" " tag="100"><subfield code="a">Titeica, Radu</subfield></datafield><datafield ind1="1" ind2="0" tag="245"><subfield code="a">Dictionar de fizica francez-roman</subfield><subfield code="c">Radu titeica, natalia fiuciuc</subfield></datafield><datafield ind1=" " ind2=" " tag="260"><subfield code="a">Bucuresti</subfield><subfield code="b">Editura Tehnica</subfield><subfield code="c">1985</subfield></datafield><datafield ind1=" " ind2=" " tag="300"><subfield code="a">548 P</subfield></datafield><datafield ind1="1" ind2=" " tag="700"><subfield code="a">Fiuciuc, Natalia</subfield></datafield><datafield ind1=" " ind2=" " tag="852"><subfield code="a">D.659</subfield><subfield code="c">SLF</subfield></datafield><datafield ind1=" " ind2=" " tag="CAT"><subfield code="a">Sys</subfield><subfield code="c">20130215</subfield><subfield code="h">140326</subfield></datafield></record></collection>